<?xml version="1.0" encoding="UTF-8"?><collection xmlns="http://www.loc.gov/MARC21/slim"><record><leader>00407nam--2200133-i-4500</leader><controlfield tag="001">000003343</controlfield><controlfield tag="002">20161230</controlfield><controlfield tag="005">20161230201025</controlfield><controlfield tag="008">060222s1000------------r-----000-0-eng-d</controlfield><datafield ind1=" " ind2=" " tag="100"><subfield code="a">Becquerel, Jean</subfield></datafield><datafield ind1=" " ind2=" " tag="245"><subfield code="a">Champ de gravitation d une spere materielle et signification physique de la formule de schwar zschild</subfield></datafield><datafield ind1=" " ind2=" " tag="260"><subfield code="a">Paris,  J.Herman , 1923 32 P</subfield></datafield><datafield ind1=" " ind2=" " tag="490"><subfield code="a">Gravitation Einsteinienne</subfield></datafield><datafield ind1=" " ind2=" " tag="852"><subfield code="a">1129</subfield></datafield></record></collection>